01REMESSA01COBRANCA       025600777773        PL Golfe clube                341BANCO ITAU SA  270218                                                                                                                                                                                                                                                                                                      000001
10207374616000196025600777773    00001037                     000010370000000000000200                     I011037      28021800000000100003410000099N270218050900000000000102802180000000000000000000000000000000000000000299999999999999DANILO                                  XXXXXXXXXXXXXXXXXXXX                    XXXXXXXXXXX 99999999XXXXXXXX       RSPL GOLFE CLUBE                    28021810 000002
9                                                                                                                                                                                                                                                                                                                                                                                                         000003
