01REMESSA01COBRANCA       025600777773        MIDIVSION telecomunicações  341BANCO ITAU SA  260218                                                                                                                                                                                                                                                                                                      000001
10202909428000187025600777773    00001018                     000010180000000000000157                     I011018      27021800000000030003410000099N260218050900000000000102702180000000000000000000000000000000000000000279787878789789ROBERTO SANTOS                          RUA A                                   CENTRO      36570000VICOSA         MGMIDIVSION TELECOMUNICACOES        27021810 000002
9                                                                                                                                                                                                                                                                                                                                                                                                         000003
